@book{proakis1996digital,
  title     = {Digital Signal Processing},
  author    = {Proakis, John G. and Manolakis, Dimitris G.},
  year      = {1996},
  publisher = {Prentice Hall},
  address   = {Upper Saddle River, NJ}
}

@book{oppenheim1999digital,
  title     = {Digital Signal Processing: Principles, Algorithms, and Applications},
  author    = {Oppenheim, Alan V. and Schafer, Ronald W.},
  year      = {1999},
  publisher = {Prentice Hall},
  address   = {Upper Saddle River, NJ}
}

@book{oppenheim1989discrete,
  title     = {Discrete-Time Signal Processing},
  author    = {Oppenheim, Alan V. and Schafer, Ronald W.},
  year      = {1989},
  publisher = {Prentice Hall},
  address   = {Upper Saddle River, NJ}
}
